%% Peer Bib

@article{acharya2015,
  title={Explaining Causal Findings Without Bias: Detecting and Assessing Direct Effects},
  author={Acharya, Avidit and Blackwell, Matthew and Sen, Maya},
  year={2015}
}

@article{alazraki2011autism,
  title={The Autism vaccine fraud: Dr. Wakefield's costly lie to society},
  author={Alazraki, Melly},
  journal={Daily Finance},
  year={2011}
}

@incollection{anderson2013research,
  title={Research integrity and misconduct in the academic profession},
  author={Anderson, Melissa S and Shaw, Marta A and Steneck, Nicholas H and Konkle, Erin and Kamata, Takehito},
  booktitle={Higher education: handbook of theory and research},
  pages={217--261},
  year={2013},
  publisher={Springer}
}

@techreport{azoulay2015career,
  title={The career effects of scandal: Evidence from scientific retractions},
  author={Azoulay, Pierre and Bonatti, Alessandro and Krieger, Joshua L},
  year={2015},
  institution={National Bureau of Economic Research}
}

@article{bar2017post,
  title={Post retraction citations in context: A case study},
  author={Bar-Ilan, Judit and Halevi, Gali},
  journal={Scientometrics},
  volume={113},
  number={1},
  pages={547--565},
  year={2017},
  publisher={Springer}
}

@article{bar2018temporal,
  title={Temporal characteristics of retracted articles},
  author={Bar-Ilan, Judit and Halevi, Gali},
  journal={Scientometrics},
  volume={116},
  number={3},
  pages={1771--1783},
  year={2018},
  publisher={Springer}
}

@article{basu2006they,
  title={Where are they now?},
  author={Basu, Paroma},
  journal={Nature medicine},
  volume={12},
  number={5},
  pages={492--493},
  year={2006},
  publisher={Nature Publishing Group}
}

@article{bozzo2017retractions,
  title={Retractions in cancer research: a systematic survey},
  author={Bozzo, Anthony and Bali, Kamal and Evaniew, Nathan and Ghert, Michelle},
  journal={Research integrity and peer review},
  volume={2},
  number={1},
  pages={5},
  year={2017},
  publisher={BioMed Central}
}

@article{broockman2015irregularities,
  title={Irregularities in LaCour (2014)},
  author={Broockman, David and Kalla, Joshua and Aronow, Peter},
  journal={Work. pap., Stanford Univ. http://stanford. edu/~ dbroock/broockman\_kalla\_aronow\_lg\_irregularities. pdf},
  year={2015}
}

@article{budd1998phenomena,
  title={Phenomena of retraction: reasons for retraction and citations to the publications},
  author={Budd, John M and Sievert, MaryEllen and Schultz, Tom R},
  journal={JAMA},
  volume={280},
  number={3},
  pages={296--297},
  year={1998},
  publisher={American Medical Association}
}

@article{budd1999effects,
  title={Effects of article retraction on citation and practice in medicine.},
  author={Budd, John M and Sievert, MaryEllen and Schultz, Tom R and Scoville, Caryn},
  journal={Bulletin of the Medical Library Association},
  volume={87},
  number={4},
  pages={437},
  year={1999},
  publisher={Medical Library Association}
}

@inproceedings{budd2011retracted,
  title={Retracted publications in biomedicine: Cause for concern},
  author={Budd, John M and Coble, Zach C and Anderson, Katherine M},
  booktitle={Association of College and Research Libraries Conference},
  pages={390--5},
  year={2011}
}

@article{button2013power,
  title={Power failure: why small sample size undermines the reliability of neuroscience},
  author={Button, Katherine S and Ioannidis, John PA and Mokrysz, Claire and Nosek, Brian A and Flint, Jonathan and Robinson, Emma SJ and Munaf{\`o}, Marcus R},
  journal={Nature Reviews Neuroscience},
  volume={14},
  number={5},
  pages={365--376},
  year={2013},
  publisher={Nature Publishing Group}
}

@article{campanario2000fraud,
  title={Fraud: retracted articles are still being cited},
  author={Campanario, Juan Miguel},
  journal={Nature},
  volume={408},
  number={6810},
  pages={288--288},
  year={2000},
  publisher={Nature Publishing Group}
}

@article{chang2013safety,
  title={Safety of adipose-derived stem cells and collagenase in fat tissue preparation},
  author={Chang, Hak and Do, Byung-Rok and Che, Jeong-Hwan and Kang, Byeong-Cheol and Kim, Ji-Hyang and Kwon, Euna and Kim, Ji-Young and Min, Kyung-Hee},
  journal={Aesthetic plastic surgery},
  volume={37},
  number={4},
  pages={802--808},
  year={2013},
  publisher={Springer}
}

@article{chlebowski2009breast,
  title={Breast cancer after use of estrogen plus progestin in postmenopausal women},
  author={Chlebowski, Rowan T and Kuller, Lewis H and Prentice, Ross L and Stefanick, Marcia L and Manson, JoAnn E and Gass, Margery and Aragaki, Aaron K and Ockene, Judith K and Lane, Dorothy S and Sarto, Gloria E and others},
  journal={New England Journal of Medicine},
  volume={360},
  number={6},
  pages={573--587},
  year={2009},
  publisher={Mass Medical Soc}
}

@article{cokol2007many,
  title={How many scientific papers should be retracted?},
  author={Cokol, Murat and Iossifov, Ivan and Rodriguez-Esteban, Raul and Rzhetsky, Andrey},
  journal={EMBO reports},
  volume={8},
  number={5},
  pages={422--423},
  year={2007},
  publisher={EMBO Press}
}

@article{cosentino2016ending,
  title={Ending the citation of retracted papers},
  author={Cosentino, A Mel and Ver{\'\i}ssimo, Diogo},
  journal={Conserv Biol},
  volume={30},
  number={3},
  pages={676--8},
  year={2016}
}

@article{davis2012persistence,
  title={The persistence of error: a study of retracted articles on the Internet and in personal libraries},
  author={Davis, Philip M},
  journal={Journal of the Medical Library Association},
  volume={100},
  number={3},
  pages={184},
  year={2012}
}

@article{de2010retraction,
  title={Retraction: Spontaneous human adult stem cell transformation},
  author={De la Fuente, Ricardo and Bernad, Antonio and Garcia-Castro, Javier and Martin, Maria C and Cigudosa, Juan C},
  journal={Cancer Res},
  volume={70},
  number={16},
  pages={6682},
  year={2010},
  publisher={AACR}
}

@article{deer2011case,
  title={How the case against the MMR vaccine was fixed},
  author={Deer, Brian},
  journal={BMJ},
  volume={342},
  pages={c5347},
  year={2011},
  publisher={British Medical Journal Publishing Group}
}

@article{erikson2014taxonomy,
  title={A taxonomy of motives to cite},
  author={Erikson, Martin G and Erlandson, Peter},
  journal={Social Studies of Science},
  volume={44},
  number={4},
  pages={625--637},
  year={2014},
  publisher={Sage Publications Sage UK: London, England}
}

@article{fang2012misconduct,
  title={Misconduct accounts for the majority of retracted scientific publications},
  author={Fang, Ferric C and Steen, R Grant and Casadevall, Arturo},
  journal={Proceedings of the National Academy of Sciences},
  volume={109},
  number={42},
  pages={17028--17033},
  year={2012},
  publisher={National Acad Sciences}
}

@article{fanelli2009many,
  title={How many scientists fabricate and falsify research? A systematic review and meta-analysis of survey data},
  author={Fanelli, Daniele},
  journal={PloS one},
  volume={4},
  number={5},
  pages={e5738},
  year={2009},
  publisher={Public Library of Science}
}

@article{firinci2011mesenchymal,
  title={Mesenchymal stem cells ameliorate the histopathological changes in a murine model of chronic asthma},
  author={Firinci, Fatih and Karaman, Meral and Baran, Yusuf and Bagriyanik, Alper and Ayyildiz, Zeynep Arikan and Kiray, Muge and Kozanoglu, Ilknur and Yilmaz, Osman and Uzuner, Nevin and Karaman, Ozkan},
  journal={International immunopharmacology},
  volume={11},
  number={8},
  pages={1120--1126},
  year={2011},
  publisher={Elsevier}
}

@article{franco2014publication,
  title={Publication bias in the social sciences: Unlocking the file drawer},
  author={Franco, Annie and Malhotra, Neil and Simonovits, Gabor},
  journal={Science},
  volume={345},
  number={6203},
  pages={1502--1505},
  year={2014},
  publisher={American Association for the Advancement of Science}
}

@article{from2008eviewing,
  title={Reviewing Conference Papers},
  author={Bernstein, Marc},
  year={2008},
  publisher={Eastgate Systems Inc.}
}

@inproceedings{garner2011combating,
  title={Combating unethical publications with plagiarism detection services},
  author={Garner, Harold R},
  booktitle={Urologic Oncology: Seminars and Original Investigations},
  volume={29},
  number={1},
  pages={95--99},
  year={2011},
  organization={Elsevier}
}

@article{gelman2006,
  title={The difference between ``significant'' and ``not significant'' is not itself statistically significant},
  author={Gelman, Andrew and Stern, Hal},
  journal={The American Statistician},
  volume={60},
  number={4},
  pages={328--331},
  year={2006},
  publisher={Taylor \& Francis}
}

@article{godlee2011wakefield,
  title={Wakefield's article linking MMR vaccine and autism was fraudulent},
  author={Godlee, Fiona and Smith, Jane and Marcovitch, Harvey},
  journal={BMJ},
  volume={342},
  pages={c7452},
  year={2011},
  publisher={British Medical Journal Publishing Group}
}

@article{grieneisen2012comprehensive,
  title={A comprehensive survey of retracted articles from the scholarly literature},
  author={Grieneisen, Michael L and Zhang, Minghua},
  journal={PloS one},
  volume={7},
  number={10},
  pages={e44118},
  year={2012},
  publisher={Public Library of Science}
}

@article{gust2004underimmunization,
  title={Underimmunization among children: effects of vaccine safety concerns on immunization status},
  author={Gust, Deborah A and Strine, Tara W and Maurice, Emmanuel and Smith, Philip and Yusuf, Hussain and Wilkinson, Marilyn and Battaglia, Michael and Wright, Robert and Schwartz, Benjamin},
  journal={Pediatrics},
  volume={114},
  number={1},
  pages={e16--e22},
  year={2004},
  publisher={Am Acad Pediatrics}
}

@article{haberman2015discredited,
  title={A discredited vaccine studyâ€™s continuing impact on public health},
  author={Haberman, Clyde},
  journal={The New York Times},
  year={2015}
}

@article{hamilton2019continued,
  title={Continued Citation of Retracted Radiation Oncology Literatureâ€”Do We Have a Problem?},
  author={Hamilton, Daniel George},
  journal={International Journal of Radiation Oncology* Biology* Physics},
  volume={103},
  number={5},
  pages={1036--1042},
  year={2019},
  publisher={Elsevier}
}

@article{harzing2002our,
  title={Are our referencing errors undermining our scholarship and credibility? The case of expatriate failure rates},
  author={Harzing, Anne-Wil},
  journal={Journal of Organizational Behavior},
  volume={23},
  number={1},
  pages={127--148},
  year={2002},
  publisher={Wiley Online Library}
}

@article{ioannidis2005most,
  title={Why most published research findings are false},
  author={Ioannidis, John PA},
  journal={PLoS Med},
  volume={2},
  number={8},
  pages={e124},
  year={2005},
  publisher={Public Library of Science}
}

@article{ioannidis2012science,
  title={Why science is not necessarily self-correcting},
  author={Ioannidis, John PA},
  journal={Perspectives on Psychological Science},
  volume={7},
  number={6},
  pages={645--654},
  year={2012},
  publisher={Sage Publications}
}

@article{jaschik2011,
  title={Rejecting Double Blind},
  author={Jaschik, Scott},
  year={2011},
  publisher={Inside Higher Ed},
  howpublished = "\url{https://www.insidehighered.com/news/2011/05/31/american_economic_association_abandons_double_blind_journal_reviewing}"
}

@article{kochan1992persistence,
  title={The persistence of fraud in the literature: the Darsee case},
  author={Kochan, Carol Ann and Budd, John M},
  journal={Journal of the American Society for Information Science},
  volume={43},
  number={7},
  pages={488},
  year={1992},
  publisher={American Documentation Institute}
}

@article{kosaka2012therapeutic,
  title={Therapeutic effect of suicide gene-transferred mesenchymal stem cells in a rat model of glioma},
  author={Kosaka, Hiroshi and Ichikawa, T and Kurozumi, K and Kambara, H and Inoue, S and Maruo, T and Nakamura, K and Hamada, H and Date, I},
  journal={Cancer gene therapy},
  volume={19},
  number={8},
  pages={572},
  year={2012},
  publisher={Nature Publishing Group}
}

@article{lance2006sources,
  title={The sources of four commonly reported cutoff criteria: What did they really say?},
  author={Lance, Charles E and Butts, Marcus M and Michels, Lawrence C},
  journal={Organizational research methods},
  volume={9},
  number={2},
  pages={202--220},
  year={2006},
  publisher={Sage Publications Sage CA: Thousand Oaks, CA}
}

@article{levelt2012flawed,
  title={Flawed science: The fraudulent research practices of social psychologist Diederik Stapel},
  author={Levelt, Willem JM and Drenth, PJD and Noort, E},
  year={2012},
  publisher={Commissioned by the Tilburg University, University of Amsterdam and the University of Groningen}
}

@article{lin2013perioperative,
  title={Perioperative administration of selective cyclooxygenase-2 inhibitors for postoperative pain management in patients after total knee arthroplasty},
  author={Lin, Jun and Zhang, Lei and Yang, Huilin},
  journal={The Journal of arthroplasty},
  volume={28},
  number={2},
  pages={207--213},
  year={2013},
  publisher={Elsevier}
}

@article{lu2013retraction,
  title={The retraction penalty: evidence from the Web of Science},
  author={Lu, Susan F and Jin, Ginger Zhe and Uzzi, Brian and Jones, Benjamin F},
  year={2013},
  publisher={Simon School Working Paper No. FR 13-30}
}

@inproceedings{luwel2018schon,
  title={The Sch{\"o}n case: Analyzing in-text citations to papers before and after retraction},
  author={Luwel, Marc and van Eck, Nees Jan and others},
  booktitle={23rd International Conference on Science and Technology Indicators (STI 2018), September 12-14, 2018, Leiden, The Netherlands},
  year={2018},
  organization={Centre for Science and Technology Studies (CWTS)}
}

@article{martinson2005scientists,
  title={Scientists behaving badly},
  author={Martinson, Brian C and Anderson, Melissa S and De Vries, Raymond},
  journal={Nature},
  volume={435},
  number={7043},
  pages={737--738},
  year={2005},
  publisher={Nature Publishing Group}
}

@article{mcnutt2015editorial,
  title={Editorial retraction},
  author={McNutt, Marcia},
  journal={Science},
  pages={aaa6638},
  year={2015},
  publisher={American Association for the Advancement of Science}
}

@article{molckovsky2011characterization,
  title={Characterization of published errors in high-impact oncology journals},
  author={Molckovsky, A and Vickers, MM and Tang, PA},
  journal={Current Oncology},
  volume={18},
  number={1},
  pages={26--32},
  year={2011}
}

@inproceedings{mongeon2013collective,
  title={The Collective Consequences of Scientific Fraud: An Anlysis of Biomedical Research},
  author={Mongeon, Philippe and Larivi{\`e}re, Vincent},
  booktitle={Proceedings of the International Conference on Scientometrics and Informetretrics; Gorraiz, J., Ed},
  pages={1897--1899},
  year={2013}
}

@article{mongeon2015costly,
  title={Costly collaborations: The impact of scientific fraud on co-authors' careers},
  author={Mongeon, Philippe and Larivi{\`e}re, Vincent},
  journal={Journal of the Association for Information Science and Technology},
  year={2015},
  publisher={Wiley Online Library}
}

@article{nieuwenhuis2011,
  title={Erroneous analyses of interactions in neuroscience: a problem of significance},
  author={Nieuwenhuis, Sander and Forstmann, Birte U and Wagenmakers, Eric-Jan},
  journal={Nature neuroscience},
  volume={14},
  number={9},
  pages={1105--1107},
  year={2011},
  publisher={Nature Publishing Group}
}

@article{paul2015comment,
  title={Comment on" Perioperative Administration of Selective Cyclooxygenase-2 Inhibitors for Postoperative Pain Management in Patients After Total Knee Arthroplasty"},
  author={Paul, H Yi and Haughom, Bryan D and Hansen, Erik N},
  journal={The Journal of arthroplasty},
  volume={30},
  number={4},
  pages={718},
  year={2015},
  publisher={Elsevier}
}

@article{peterson2010effectiveness,
  title={The effectiveness of the practice of correction and republication in},
  author={Peterson, Gabriel M},
  journal={J Med Libr Assoc},
  volume={98},
  pages={2},
  year={2010}
}

@article{pfeifer1990continued,
  title={The continued use of retracted, invalid scientific literature},
  author={Pfeifer, Mark P and Snodgrass, Gwendolyn L},
  journal={JAMA},
  volume={263},
  number={10},
  pages={1420--1423},
  year={1990},
  publisher={American Medical Association}
}

@article{rada2007retractions,
  title={Retractions, press releases and newspaper coverage},
  author={Rada, Roy F},
  journal={Health Information \& Libraries Journal},
  volume={24},
  number={3},
  pages={210--215},
  year={2007},
  publisher={Wiley Online Library}
}

@article{redman2008empirical,
  title={Empirical developments in retraction},
  author={Redman, Barbara K and Yarandi, Hossein N and Merz, Jon F},
  journal={Journal of Medical Ethics},
  volume={34},
  number={11},
  pages={807--809},
  year={2008},
  publisher={BMJ Publishing Group Ltd and Institute of Medical Ethics}
}

@article{rekdal2014academic,
  title={Academic urban legends},
  author={Rekdal, Ole Bj{\o}rn},
  journal={Social Studies of Science},
  volume={44},
  number={4},
  pages={638--654},
  year={2014},
  publisher={Sage Publications Sage UK: London, England}
}

@article{clarivate2016web,
  title={Web of Science.},
  author={Clarivate Analytics},
  year={2016}
}

@article{rubbo2019citation,
  title={Citation of retracted articles in engineering: A study of the Web of Science database},
  author={Rubbo, Priscila and Pilatti, Luiz Alberto and Picinin, Claudia Tania},
  journal={Ethics \& Behavior},
  volume={29},
  number={8},
  pages={661--679},
  year={2019},
  publisher={Taylor \& Francis}
}

@article{rubio2005spontaneous,
  title={Spontaneous human adult stem cell transformation},
  author={Rubio, Daniel and Garcia-Castro, Javier and Mart{\'\i}n, Mar{\'\i}a C and de la Fuente, Ricardo and Cigudosa, Juan C and Lloyd, Alison C and Bernad, Antonio},
  journal={Cancer research},
  volume={65},
  number={8},
  pages={3035--3039},
  year={2005},
  publisher={AACR}
}

@article{russo2017perioperative,
  title={Perioperative pain management and anesthesia: a critical component to rapid recovery total joint arthroplasty},
  author={Russo, Matthew W and Parks, Nancy L and Hamilton, William G},
  journal={Orthopedic Clinics},
  volume={48},
  number={4},
  pages={401--405},
  year={2017},
  publisher={Elsevier}
}

@article{samp2012retracted,
  title={Retracted publications in the drug literature},
  author={Samp, Jennifer C and Schumock, Glen T and Pickard, A Simon},
  journal={Pharmacotherapy: The Journal of Human Pharmacology and Drug Therapy},
  volume={32},
  number={7},
  pages={586--595},
  year={2012},
  publisher={Wiley Online Library}
}

@article{service2003scientific,
  title={Scientific misconduct. More of Bell Labs physicist's papers retracted.},
  author={Service, Robert F},
  journal={Science (New York, NY)},
  volume={299},
  number={5603},
  pages={31},
  year={2003}
}

@article{singh2014comprehensive,
  title={A comprehensive analysis of articles retracted between 2004 and 2013 from biomedical literature--a call for reforms},
  author={Singh, Harkanwal Preet and Mahendra, Ashish and Yadav, Bhupender and Singh, Harpreet and Arora, Nitin and Arora, Monika},
  journal={Journal of traditional and complementary medicine},
  volume={4},
  number={3},
  pages={136--139},
  year={2014},
  publisher={Elsevier}
}

@article{smaldino2016natural,
  title={The Natural Selection of Bad Science},
  author={Smaldino, Paul E and McElreath, Richard},
  journal={arXiv preprint arXiv:1605.09511},
  year={2016}
}

@article{smith2008media,
  title={Media coverage of the measles-mumps-rubella vaccine and autism controversy and its relationship to MMR immunization rates in the United States},
  author={Smith, Michael J and Ellenberg, Susan S and Bell, Louis M and Rubin, David M},
  journal={Pediatrics},
  volume={121},
  number={4},
  pages={e836--e843},
  year={2008},
  publisher={Am Acad Pediatrics}
}

@article{sood2016,
  title={A Citation for Miscitation: Estimate of the Frequency of Miscitations in Academic Articles},
  author={Sood, Gaurav and Ken Cor},
  year={2016}
}

@article{sox2006research,
  title={Research misconduct, retraction, and cleansing the medical literature: lessons from the Poehlman case},
  author={Sox, Harold C and Rennie, Drummond},
  journal={Annals of Internal Medicine},
  volume={144},
  number={8},
  pages={609--613},
  year={2006},
  publisher={American College of Physicians}
}

@article{steen2011retractions,
  title={Retractions in the scientific literature: is the incidence of research fraud increasing?},
  author={Steen, R Grant},
  journal={Journal of medical ethics},
  volume={37},
  number={4},
  pages={249--253},
  year={2011},
  publisher={Institute of Medical Ethics}
}

@article{steen2013has,
  title={Why has the number of scientific retractions increased?},
  author={Steen, R Grant and Casadevall, Arturo and Fang, Ferric C},
  journal={PLoS One},
  volume={8},
  number={7},
  pages={e68397},
  year={2013},
  publisher={Public Library of Science}
}

@article{stewart1987integrity,
  title={The integrity of the scientific literature},
  author={Stewart, Walter W and Feder, Ned},
  journal={Nature},
  volume={325},
  pages={207--14},
  year={1987}
}

@article{titus2008repairing,
  title={Repairing research integrity},
  author={Titus, Sandra L and Wells, James A and Rhoades, Lawrence J},
  journal={Nature},
  volume={453},
  number={7198},
  pages={980--982},
  year={2008},
  publisher={Nature Publishing Group}
}

@article{todd2010one,
  title={One in four citations in marine biology papers is inappropriate},
  author={Todd, Peter A and Guest, James R and Lu, Junxiu and Chou, Loke Ming},
  journal={Marine Ecology Progress Series},
  volume={408},
  pages={299--303},
  year={2010}
}

@article{torsvik2010spontaneous,
  title={Spontaneous malignant transformation of human mesenchymal stem cells reflects cross-contamination: putting the research field on track--letter},
  author={Torsvik, Anja and R{\o}sland, Gro V and Svendsen, Agnete and Molven, Anders and Immervoll, Heike and McCormack, Emmet and L{\o}nning, Per Eystein and Primon, Monika and Sobala, Ewa and Tonn, Joerg-Christian and others},
  journal={Cancer research},
  volume={70},
  number={15},
  pages={6393--6396},
  year={2010},
  publisher={AACR}
}

@article{wager2011and,
  title={Why and how do journals retract articles? An analysis of Medline retractions 1988--2008},
  author={Wager, Elizabeth and Williams, Peter},
  journal={Journal of Medical Ethics},
  volume={37},
  number={9},
  pages={567--570},
  year={2011},
  publisher={BMJ Publishing Group Ltd and Institute of Medical Ethics}
}

@article{wallis1983fraud,
  title={Fraud in a Harvard lab.},
  author={Wallis, Claudia},
  journal={Time},
  volume={121},
  number={9},
  pages={49--49},
  year={1983}
}

@article{wakefield1998retracted,
  title={RETRACTED: Ileal-lymphoid-nodular hyperplasia, non-specific colitis, and pervasive developmental disorder in children},
  author={Wakefield, Andrew J and Murch, Simon H and Anthony, Andrew and Linnell, John and Casson, DM and Malik, Mohsin and Berelowitz, Mark and Dhillon, Amar P and Thomson, Michael A and Harvey, Peter and others},
  journal={The Lancet},
  volume={351},
  number={9103},
  pages={637--641},
  year={1998},
  publisher={Elsevier}
}

@article{writing2002risks,
  title={Risks and benefits of estrogen plus progestin in healthy postmenopausal women: principal results from the Women's Health Initiative randomized controlled trial},
  author={Writing Group for the Women's Health Initiative Investigators and others},
  journal={Jama},
  volume={288},
  number={3},
  pages={321--333},
  year={2002},
  publisher={American Medical Association}
}

@article{yong2013web,
  title={Web of Science},
  author={Yong-Hak, Jo},
  journal={Thomson Reuters},
  year={2013},
  howpublished = "\url{https://github.com/soodoku/propagation_of_error/data/wos/yong2013.pdf}"
}

